<record><leader>00000cas a2200000 a 4500</leader><controlfield tag="001">9747649</controlfield><controlfield tag="008">830728d19721992ncudn ne      0   a0eng d</controlfield><datafield ind1=" " ind2=" " tag="010"><subfield code="a">sn 92073233 </subfield></datafield><datafield ind1=" " ind2=" " tag="040"><subfield code="a">NDD</subfield><subfield code="b">eng</subfield><subfield code="c">NDD</subfield><subfield code="d">NVJ</subfield><subfield code="d">OCL</subfield><subfield code="d">OCLCF</subfield><subfield code="d">OCLCO</subfield></datafield><datafield ind1="1" ind2=" " tag="029"><subfield code="a">AU@</subfield><subfield code="b">000020720692</subfield></datafield><datafield ind1=" " ind2=" " tag="042"><subfield code="a">msc</subfield></datafield><datafield ind1="0" ind2="4" tag="245"><subfield code="a">The Chapel Hill newspaper.</subfield></datafield><datafield ind1=" " ind2=" " tag="260"><subfield code="a">Chapel Hill, N.C. :</subfield><subfield code="b">Orville B. Campbell,</subfield></datafield><datafield ind1=" " ind2=" " tag="300"><subfield code="a">v. :</subfield><subfield code="b">ill. ;</subfield><subfield code="c">58 cm.</subfield></datafield><datafield ind1=" " ind2=" " tag="310"><subfield code="a">Daily (except Saturday),</subfield><subfield code="b">Sept. 17, 1973-Sept. 27, 1992.</subfield></datafield><datafield ind1=" " ind2=" " tag="321"><subfield code="a">Daily (except Monday and Saturday),</subfield><subfield code="b">Sept. 5, 1972-Sept. 14, 1973.</subfield></datafield><datafield ind1="0" ind2=" " tag="362"><subfield code="a">Vol. 50, no. 71 (Sept. 5, 1972)-v. 70, no. 141 (Sept. 27, 1992).</subfield></datafield><datafield ind1=" " ind2="0" tag="651"><subfield code="a">Chapel Hill (N.C.)</subfield><subfield code="v">Newspapers.</subfield></datafield><datafield ind1=" " ind2="0" tag="651"><subfield code="a">Orange County (N.C.)</subfield><subfield code="v">Newspapers.</subfield></datafield><datafield ind1=" " ind2="7" tag="655"><subfield code="a">Newspapers.</subfield><subfield code="2">fast</subfield><subfield code="0">(OCoLC)fst01423814</subfield></datafield><datafield ind1=" " ind2="7" tag="651"><subfield code="a">North Carolina</subfield><subfield code="z">Chapel Hill.</subfield><subfield code="2">fast</subfield><subfield code="0">(OCoLC)fst01206600</subfield></datafield><datafield ind1=" " ind2="7" tag="651"><subfield code="a">North Carolina</subfield><subfield code="z">Orange County.</subfield><subfield code="2">fast</subfield><subfield code="0">(OCoLC)fst01220945</subfield></datafield><datafield ind1=" " ind2=" " tag="752"><subfield code="a">United States</subfield><subfield code="b">North Carolina</subfield><subfield code="c">Orange</subfield><subfield code="d">Chapel Hill.</subfield></datafield><datafield ind1="0" ind2="0" tag="780"><subfield code="t">Chapel Hill weekly</subfield><subfield code="w">(DLC)sn 92073229</subfield></datafield><datafield ind1="0" ind2="0" tag="785"><subfield code="t">Chapel Hill news (Chapel Hill, N.C. : 1992)</subfield><subfield code="w">(DLC)sn 92073237</subfield></datafield></record>